<?xml version="1.0" encoding="UTF-8"?><collection xmlns="http://www.loc.gov/MARC21/slim"><record><leader>00339nam--2200121-i-4500</leader><controlfield tag="001">000006758</controlfield><controlfield tag="002">20161230</controlfield><controlfield tag="005">20170115014611</controlfield><controlfield tag="008">060222s1000------------r-----000-0-eng-d</controlfield><datafield ind1=" " ind2=" " tag="245"><subfield code="a">The Danish Atomic Energy Commission. Research establishment</subfield></datafield><datafield ind1=" " ind2=" " tag="260"><subfield code="a">Riso</subfield><subfield code="b">Danish Atomic Energy Comm</subfield><subfield code="c">/1962</subfield></datafield><datafield ind1=" " ind2=" " tag="300"><subfield code="a">15 p</subfield></datafield><datafield ind1=" " ind2=" " tag="CAT"><subfield code="a">SYS</subfield><subfield code="c">20170115</subfield><subfield code="h">014611</subfield></datafield></record></collection>